
@misc{json,
  author       = {ECMA},
  title        = {Formato JSON, Language Standard ECMA-262},
  howpublished = {\url{https://www.json.org/json-en.html}}
}

@misc{git,
  author       = {Linus Torvalds},
  title        = {Git},
  howpublished = {\url{https://git-scm.com}}
}

@misc{xxxx,
  author =       {Pepe perez},
  title =        {How to access GitHub with the API...},
  howpublished = {\url{https://git-scm.com}}
}



// url *= *(\{.+\})
// howpublished = "\\href$1$1"
